@online{LectureIsing,
    author = "Morthen Hjorth-Jensen",
    title = "Statistical physics and the Ising Model",
    year = "2017",
    url  = "http://compphysics.github.io/ComputationalPhysics/doc/pub/statphys/pdf/statphys-print.pdf",
    addendum = "(accessed: 27.10.2019)",
    keywords = "ising,hjort-jensen"
}
@article{LarsOns,
    author = "Lars Onsager",
    title = "Crystal Statistics. I. A Two-Dimensional Model with an Order-Disorder Transition",
    journal = "Physical review",
    volume = "65",
    number = "3-4",
    pages = "117--149",
    year = "1994",
    DOI = "https://journals.aps.org/pr/abstract/10.1103/PhysRev.65.117",
    keywords = "physics"
}
@online{GitHub,
    author = "Waters-Elgvin-Petlund",
    title = "GitHub Repository",
    year = "2019",
    url  = "https://github.com/jkjkjkjkjkjkjkjkjkjk/FYS4150_Project_4/",
    addendum = "(accessed: 15.11.2019)",
    keywords = "ising,hjort-jensen"
}


@online{Lec15,
    author = "Morthen Hjorth-Jensen",
    title = "Lecture Notes. Department of Physics, University of Oslo",
    year = "2015",
    url  = "https://github.com/CompPhysics/ComputationalPhysics/tree/master/doc/Lectures",
    addendum = "(accessed: 07.09.2019)",
    keywords = "lectures,hjort-jensen"
}

